%% This BibTeX bibliography file was created using BibDesk.
%% https://bibdesk.sourceforge.io/

%% Created for Khang Nguyá»…n at 2024-04-18 00:17:13 +0700 


%% Saved with string encoding Unicode (UTF-8) 



@misc{zen,
	author = {Guido Van Rossum},
	date-added = {2024-04-17 21:17:13 +0700},
	date-modified = {2024-04-17 21:17:41 +0700},
	howpublished = {https://peps.python.org/pep-0020/},
	month = {August},
	title = {The Zen Of Python},
	year = {2004}}

@webpage{python1,
	author = {Kamila Ostrowska},
	date-added = {2024-04-17 20:15:01 +0700},
	date-modified = {2024-04-17 20:22:19 +0700},
	howpublished = {\url{https://learnpython.com/blog/history-of-python/}},
	keywords = {Very detailed history},
	month = {June},
	title = {A Brief History of Python},
	url = {https://learnpython.com/blog/history-of-python/},
	urldate = {20th Jun 2022},
	year = {2022},
	bdsk-url-1 = {https://learnpython.com/blog/history-of-python/}}

@url{python96,
	author = {Guido Van Rossum},
	date-added = {2024-04-17 20:03:36 +0700},
	date-modified = {2024-04-17 20:07:44 +0700},
	read = {0},
	title = {Foreword for "Programming Python" (1st ed.)},
	urldate = {https://www.python.org/doc/essays/foreword/}}

@book{texbook,
	author = {Abraham Silberschatz and Peter Baer Galvin and Greg Gagne},
	publisher = {Wiley},
	title = {Operating System Concepts},
	year = {2018}}

@article{rojas2015tutorial,
	author = {Rojas, Ra{\'u}l},
	journal = {arXiv preprint arXiv:1503.09060},
	title = {A tutorial introduction to the lambda calculus},
	year = {2015}}
	
	
@article{article,
author = {Barendregt, Henk (Hendrik)},
year = {1999},
month = {09},
pages = {},
title = {The Impact Of The Lambda Calculus In Logic And Computer Science},
volume = {3},
journal = {Bulletin of Symbolic Logic},
doi = {10.2307/421013}
}
